<?xml version="1.0" encoding="UTF-8" ?><marc:collection xmlns:marc="http://www.loc.gov/MARC21/slim" xmlns:xsi="http://www.w3.org/2001/XMLSchema-instance" xsi:schemaLocation="http://www.loc.gov/MARC21/slim http://www.loc.gov/standards/marcxml/schema/MARC21slim.xsd">
<marc:record><marc:leader>03438cam a2200493Ii 4500</marc:leader>
<marc:controlfield tag="001">b12926553</marc:controlfield>
<marc:controlfield tag="003">UaCaAUL</marc:controlfield><marc:controlfield tag="005">20160919023044.0</marc:controlfield><marc:controlfield tag="008">030204s1939    ua a     b    000 0 ara d</marc:controlfield><marc:datafield tag="035" ind1=" " ind2=" "><marc:subfield code="a">(OCoLC)318941330</marc:subfield></marc:datafield><marc:datafield tag="040" ind1=" " ind2=" "><marc:subfield code="a">MEAUC</marc:subfield><marc:subfield code="b">eng</marc:subfield><marc:subfield code="c">MEAUC</marc:subfield><marc:subfield code="d">LGG</marc:subfield><marc:subfield code="d">OCLCQ</marc:subfield><marc:subfield code="d">OCLCF</marc:subfield><marc:subfield code="d">OCLCO</marc:subfield><marc:subfield code="d">OCLCQ</marc:subfield><marc:subfield code="d">MEAUC</marc:subfield></marc:datafield><marc:datafield tag="041" ind1="1" ind2=" "><marc:subfield code="a">ara</marc:subfield><marc:subfield code="h">per</marc:subfield></marc:datafield><marc:datafield tag="049" ind1=" " ind2=" "><marc:subfield code="a">MAIN</marc:subfield></marc:datafield><marc:datafield tag="050" ind1=" " ind2="4"><marc:subfield code="a">B753</marc:subfield><marc:subfield code="b">.R38 1939</marc:subfield></marc:datafield><marc:datafield tag="066" ind1=" " ind2=" "><marc:subfield code="c">(3</marc:subfield></marc:datafield><marc:datafield tag="090" ind1=" " ind2=" "><marc:subfield code="a">B753</marc:subfield><marc:subfield code="b">.R38 1939</marc:subfield></marc:datafield><marc:datafield tag="100" ind1="1" ind2=" "><marc:subfield code="6">880-01</marc:subfield><marc:subfield code="a">Rāzī, Abū Bakr Muḥammad ibn Zakarīyā,</marc:subfield><marc:subfield code="d">865?-925?,</marc:subfield><marc:subfield code="e">author.</marc:subfield></marc:datafield><marc:datafield tag="245" ind1="1" ind2="0"><marc:subfield code="6">880-02</marc:subfield><marc:subfield code="a">Rasāʼil falsafīyah /</marc:subfield><marc:subfield code="c">li-Abī Bakr Muḥammad ibn Zakarīyā al-Rāzī ; maʻa qiṭaʻ baqiyat min kutubihi al-mafqūdah ; jamaʻahā wa-ṣaḥḥaḥahā P. Krāws.</marc:subfield></marc:datafield><marc:datafield tag="246" ind1="1" ind2="5"><marc:subfield code="a">Abi Bakr Mohammadi filii Zachariæ Raghensis (Razis) Opera philosophica.</marc:subfield></marc:datafield><marc:datafield tag="246" ind1="1" ind2="5"><marc:subfield code="a">Opera philosophica.</marc:subfield></marc:datafield><marc:datafield tag="264" ind1=" " ind2="1"><marc:subfield code="6">880-03</marc:subfield><marc:subfield code="a">al-Qāhirah :</marc:subfield><marc:subfield code="b">Maṭbaʻat Bawl Bārbīh,</marc:subfield><marc:subfield code="c">1939.</marc:subfield></marc:datafield><marc:datafield tag="300" ind1=" " ind2=" "><marc:subfield code="a">316 pages :</marc:subfield><marc:subfield code="b">1 illustration ;</marc:subfield><marc:subfield code="c">25 cm.</marc:subfield></marc:datafield><marc:datafield tag="336" ind1=" " ind2=" "><marc:subfield code="a">text</marc:subfield><marc:subfield code="b">txt</marc:subfield><marc:subfield code="2">rdacontent.</marc:subfield></marc:datafield><marc:datafield tag="337" ind1=" " ind2=" "><marc:subfield code="a">unmediated</marc:subfield><marc:subfield code="b">n</marc:subfield><marc:subfield code="2">rdamedia.</marc:subfield></marc:datafield><marc:datafield tag="338" ind1=" " ind2=" "><marc:subfield code="a">volume</marc:subfield><marc:subfield code="b">nc</marc:subfield><marc:subfield code="2">rdacarrier.</marc:subfield></marc:datafield><marc:datafield tag="500" ind1=" " ind2=" "><marc:subfield code="a">Arabic and Persian.</marc:subfield></marc:datafield><marc:datafield tag="500" ind1=" " ind2=" "><marc:subfield code="a">Added Latin t.p. title: Abi Bakr Mohammadi filii Zachariæ Raghensis (Razis) opera philosophica, fragmentaque quæ supersunt.</marc:subfield></marc:datafield><marc:datafield tag="500" ind1=" " ind2=" "><marc:subfield code="a">&quot;Al-Juzʼ 1.&quot; No more published.</marc:subfield></marc:datafield><marc:datafield tag="500" ind1=" " ind2=" "><marc:subfield code="6">880-04</marc:subfield><marc:subfield code="a">At head of title page: Jāmiʻat Fuʼād al-Awwal / Kullīyat al-Ādāb ; al-muʼallaf raqm 22.</marc:subfield></marc:datafield><marc:datafield tag="504" ind1=" " ind2=" "><marc:subfield code="a">Includes bibliographical references.</marc:subfield></marc:datafield><marc:datafield tag="505" ind1="0" ind2=" "><marc:subfield code="6">880-05</marc:subfield><marc:subfield code="a">Kitāb al-ṭibb al-rūḥānī -- Kitāb al-sīrah al-falsafīyah -- Maqālah fīhā baʻda al-ṭabīʻah -- Maqālah fī amārāt al-iqbāl wa-al-dawlah -- Min Kitāb al-ladhdhah -- Min Kitāb al-ʻilm al-ilāhī -- al-Qawl fī al-qudamāʼ al-khamsah -- al-Qawl fī al-hayūlá -- al-Qawl fī al-zamān wa-al-makān -- al-Qawl fī al-nafs wa-al-ʻālam -- al-Munāẓarāt bayna Abī Ḥātim al-Rāzī wa-Abī Bakr al-Rāzī.</marc:subfield></marc:datafield><marc:datafield tag="650" ind1=" " ind2="0"><marc:subfield code="a">Islamic philosophy</marc:subfield><marc:subfield code="v">Early works to 1800.</marc:subfield></marc:datafield><marc:datafield tag="700" ind1="1" ind2=" "><marc:subfield code="a">Kraus, Paul,</marc:subfield><marc:subfield code="d">1904-1944,</marc:subfield><marc:subfield code="e">editor.</marc:subfield></marc:datafield><marc:datafield tag="710" ind1="2" ind2=" "><marc:subfield code="6">880-06</marc:subfield><marc:subfield code="a">Jam̄iʻat Fuʼad̄ al-Awwal. {u01C2}b Kulliȳat al-Ad̄ab̄.</marc:subfield></marc:datafield><marc:datafield tag="880" ind1="1" ind2="0"><marc:subfield code="6">245-02/(3/r</marc:subfield><marc:subfield code="a">رسائل فلسفية /</marc:subfield><marc:subfield code="c">لأبي بكر محمد بن زكرياء الرازي ؛ مع قطع بقية من كتبه المفقودة ؛ جمعها وصححها ب. كراوس..</marc:subfield></marc:datafield><marc:datafield tag="880" ind1="1" ind2=" "><marc:subfield code="6">100-01/(3/r</marc:subfield><marc:subfield code="a">رازي، أبو بكر محمد بن زكريا،</marc:subfield><marc:subfield code="d">865؟-925؟..</marc:subfield></marc:datafield><marc:datafield tag="880" ind1=" " ind2="1"><marc:subfield code="6">264-03/(3/r</marc:subfield><marc:subfield code="a">القاهرة :</marc:subfield><marc:subfield code="b">مطبعة بول بربيه،</marc:subfield><marc:subfield code="c">1939.</marc:subfield></marc:datafield><marc:datafield tag="880" ind1=" " ind2=" "><marc:subfield code="6">500-04/(3/r</marc:subfield><marc:subfield code="a">At head of title page: جامعة فؤاد الأول / كلية الآداب ؛ المؤلف رقم 22.</marc:subfield></marc:datafield><marc:datafield tag="880" ind1="0" ind2=" "><marc:subfield code="6">505-05/(3/r</marc:subfield><marc:subfield code="a">كتاب الطب الروحاني -- كتاب السيرة الفلسفية -- مقالة فيها بعد الطبيعة -- مقالة في أمارات الإقبال والدولة -- من كتاب اللذة -- من كتاب العلم الإلهي -- القول في القدماء الخمسة -- القول في الهيولى -- القول في الزمان والمكان -- القول في النفس والعالم -- المناظرات بين أبي حاتم الرازي وبي بكر الرازي..</marc:subfield></marc:datafield><marc:datafield tag="880" ind1="2" ind2=" "><marc:subfield code="6">710-06/(3/r</marc:subfield><marc:subfield code="a">جامعة فؤاد الأول.</marc:subfield><marc:subfield code="b">كلية الآداب..</marc:subfield></marc:datafield><marc:datafield tag="907" ind1=" " ind2=" "><marc:subfield code="a">.b12926553</marc:subfield><marc:subfield code="b">main </marc:subfield></marc:datafield><marc:datafield tag="902" ind1=" " ind2=" "><marc:subfield code="a">170207</marc:subfield></marc:datafield><marc:datafield tag="998" ind1=" " ind2=" "><marc:subfield code="b">1</marc:subfield><marc:subfield code="c">030216</marc:subfield><marc:subfield code="d">m</marc:subfield><marc:subfield code="e">a</marc:subfield><marc:subfield code="f">-</marc:subfield><marc:subfield code="g">0</marc:subfield><marc:subfield code="k">MAH</marc:subfield></marc:datafield><marc:datafield tag="945" ind1=" " ind2=" "><marc:subfield code="l">main </marc:subfield><marc:subfield code="u">v.v.1</marc:subfield></marc:datafield></marc:record>
</marc:collection>
